@article{campos2016evaluation,
	title={On the evaluation of unsupervised outlier detection: measures, datasets, and an empirical study},
	author={Campos, Guilherme O and Zimek, Arthur and Sander, J{\"o}rg and Campello, Ricardo JGB and Micenkov{\'a}, Barbora and Schubert, Erich and Assent, Ira and Houle, Michael E},
	journal={Data Mining and Knowledge Discovery},
	volume={30},
	number={4},
	pages={891--927},
	year={2016},
	publisher={Springer}
}

@article{wattenberg2016how,
	author = {Wattenberg, Martin and Viégas, Fernanda and Johnson, Ian},
	title = {How to Use t-SNE Effectively},
	journal = {Distill},
	year = {2016},
	url = {http://distill.pub/2016/misread-tsne},
	doi = {10.23915/distill.00002}
}

@article{goldstein2016comparative,
	title={A comparative evaluation of unsupervised anomaly detection algorithms for multivariate data},
	author={Goldstein, Markus and Uchida, Seiichi},
	journal={PloS one},
	volume={11},
	number={4},
	pages={e0152173},
	year={2016},
	publisher={Public Library of Science}
}

@article{zou2006sparse,
	title={Sparse principal component analysis},
	author={Zou, Hui and Hastie, Trevor and Tibshirani, Robert},
	journal={Journal of computational and graphical statistics},
	volume={15},
	number={2},
	pages={265--286},
	year={2006},
	publisher={Taylor \& Francis}
}

@inproceedings{hinton2003stochastic,
	title={Stochastic neighbor embedding},
	author={Hinton, Geoffrey E and Roweis, Sam T},
	booktitle={Advances in neural information processing systems},
	pages={857--864},
	year={2003}
}

@article{ezeme2020framework,
	title={A Framework for Anomaly Detection in Time-Driven and Event-Driven Processes using Kernel Traces},
	author={Ezeme, Okwudili M and Mahmoud, Qusay and Azim, Akramul},
	journal={IEEE Transactions on Knowledge and Data Engineering},
	doi={10.1109/TKDE.2020.2978469},
	year={2020},
	publisher={IEEE}
}

@article{liu2012isolation,
	title={Isolation-based anomaly detection},
	author={Liu, Fei Tony and Ting, Kai Ming and Zhou, Zhi-Hua},
	journal={ACM Transactions on Knowledge Discovery from Data (TKDD)},
	volume={6},
	number={1},
	pages={1--39},
	year={2012},
	publisher={Acm New York, NY, USA}
}

@article{yuansurveyacmanom,
	title={Deep Learning-Based Anomaly Detection in Cyber-Physical
	Systems: Progress and Opportunities
},
	author={luo, Yuan and Xiao, Ya and Cheng, Long and Peng, Guojun and Yao, Danfeng},
	journal={ACM Computing Survey},
	pages={29 pages},
	year={March 2020},
	publisher={ACM}
}

@inproceedings{chen2016infogan,
	title={Infogan: Interpretable representation learning by information maximizing generative adversarial nets},
	author={Chen, Xi and Duan, Yan and Houthooft, Rein and Schulman, John and Sutskever, Ilya and Abbeel, Pieter},
	booktitle={Advances in neural information processing systems},
	pages={2172--2180},
	year={2016}
}

@article{ezeme2020peskea,
	title={PESKEA: Anomaly Detection Framework for Profiling 
	Kernel Event Attributes in 
	Embedded Systems},
	author={Ezeme, Okwudili M and Mahmoud, Qusay H and Azim, Akramul},
	journal={IEEE Transactions on Emerging Topics in Computing},
	doi={10.1109/TETC.2020.2971251},
	pages={accepted},
	year={2020},
	publisher={IEEE}
}

@misc{Ezeme2019-dataset,
	author       = {Ezeme, Okwudili M and
	Mahmoud, Qusay H and
	Azim, Akramul and
	Michael, Lescisin },
	title        = {{SysCall Dataset: A Dataset for Context Modeling and Anomaly Detection using System Calls}},
	month        = Nov,
	year         = 2019,
	publisher = {Mendeley Data},
	doi          = {10.17632/vfvw7g8s8h.2},
	url          = {http://dx.doi.org/10.17632/vfvw7g8s8h.2 .}
}

@article{hofmeyr1998intrusion,
	title={Intrusion detection using sequences of system calls},
	author={Hofmeyr, Steven A and Forrest, Stephanie and Somayaji, Anil},
	journal={Journal of computer security},
	volume={6},
	number={3},
	pages={151--180},
	year={1998},
	publisher={IOS Press}
}

@inproceedings{warrender1999detecting,
	title={Detecting intrusions using system calls: Alternative data models},
	author={Warrender, Christina and Forrest, Stephanie and Pearlmutter, Barak},
	booktitle={Proceedings of the 1999 IEEE symposium on security and privacy 
	(Cat. No. 99CB36344)},
	pages={133--145},
	year={1999},
	organization={IEEE}
}

@article{kosoresow1997intrusion,
	title={Intrusion detection via system call traces},
	author={Kosoresow, Andrew P and Hofmeyer, SA},
	journal={IEEE software},
	volume={14},
	number={5},
	pages={35--42},
	year={1997},
	publisher={IEEE}
}

@article{li2017locating,
	title={Locating software faults based on minimum debugging frontier set},
	author={Li, Feng and Li, Zhiyuan and Huo, Wei and Feng, Xiaobing},
	journal={IEEE Transactions on Software Engineering},
	volume={43},
	number={8},
	pages={760--776},
	year={2017},
	publisher={IEEE}
}

@inproceedings{salem2016anomaly,
	title={Anomaly detection using inter-arrival curves for real-time systems},
	author={Salem, Mahmoud and Crowley, Mark and Fischmeister, Sebastian},
	booktitle={Real-Time Systems (ECRTS), 2016 28th Euromicro Conference on},
	pages={97--106},
	year={2016},
	organization={IEEE}
}

@inproceedings{gu2005detecting,
	title={Detecting anomalies in network traffic using maximum entropy 
	estimation},
	author={Gu, Yu and McCallum, Andrew and Towsley, Don},
	booktitle={Proceedings of the 5th ACM SIGCOMM conference on Internet 
	Measurement},
	pages={32--32},
	year={2005},
	organization={USENIX Association}
}

@article{mutz2006anomalous,
	title={Anomalous system call detection},
	author={Mutz, Darren and Valeur, Fredrik and Vigna, Giovanni and Kruegel, 
	Christopher},
	journal={ACM Transactions on Information and System Security (TISSEC)},
	volume={9},
	number={1},
	pages={61--93},
	year={2006},
	publisher={ACM}
}

@article{chandola2009anomaly,
	title={Anomaly detection: A survey},
	author={Chandola, Varun and Banerjee, Arindam and Kumar, Vipin},
	journal={ACM computing surveys (CSUR)},
	volume={41},
	number={3},
	pages={15},
	year={2009},
	publisher={ACM}
}

@article{hochreiter1997long,
	title={Long short-term memory},
	author={Hochreiter, Sepp and Schmidhuber, J{\"u}rgen},
	journal={Neural computation},
	volume={9},
	number={8},
	pages={1735--1780},
	year={1997},
	publisher={MIT Press}
} 

@article{zhang2003time,
	title={Time series forecasting using a hybrid ARIMA and neural network model},
	author={Zhang, G Peter},
	journal={Neurocomputing},
	volume={50},
	pages={159--175},
	year={2003},
	publisher={Elsevier}
}
@inproceedings{yoon2017learning,
	title={Learning execution contexts from system call distribution for 
	anomaly detection in smart embedded system},
	author={Yoon, Man-Ki and Mohan, Sibin and Choi, Jaesik and Christodorescu, 
	Mihai and Sha, Lui},
	booktitle={Proceedings of the Second International Conference on 
	Internet-of-Things Design and Implementation},
	pages={191--196},
	year={2017},
	organization={ACM}
}

@article{xu2009largescale,
	title={Largescale system problem detection by mining console logs},
	author={Xu, Wei and Huang, Ling and Fox, Armando and Patterson, David and 
	Jordan, Michael},
	journal={Proceedings of SOSP’09},
	year={2009}
}

@inproceedings{du2017deeplog,
	title={DeepLog: Anomaly Detection and Diagnosis from System Logs through 
	Deep 
	Learning},
	author={Du, Min and Li, Feifei and Zheng, Guineng and Srikumar, Vivek},
	booktitle={Proceedings of the 2017 ACM SIGSAC Conference on Computer and 
	Communications Security},
	pages={1285--1298},
	year={2017},
	organization={ACM}
}

@inproceedings{EzemeHaBAD,
	title= {Hierarchical Attention-Based Anomaly Detection Model for Embedded 
	Operating Systems},
	author={Ezeme, Mellitus O and Mahmoud, Qusay and Azim, Akramul},
	booktitle={24th IEEE International Conference on Embedded and Real-Time 
	Computing Systems and Applications},
	year={2018}
}

@article{mirza2014conditional,
	title={Conditional generative adversarial nets},
	author={Mirza, Mehdi and Osindero, Simon},
	journal={arXiv preprint arXiv:1411.1784},
	year={2014}
}

@inproceedings{goodfellow2014generative,
	title={Generative adversarial nets},
	author={Goodfellow, Ian and Pouget-Abadie, Jean and Mirza, Mehdi and Xu, Bing and Warde-Farley, David and Ozair, Sherjil and Courville, Aaron and Bengio, Yoshua},
	booktitle={Advances in neural information processing systems},
	pages={2672--2680},
	year={2014}
}

@misc{bahnsen_2017, 
	url={https://blog.easysol.net/building-ai-applications/}, 
	publisher={Cyxtera}, 
	author={Bahnsen, Alejandro Correa}, 
	year={2017}, 
	month={Jun}
}

@book{hawkins1980identification,
	title={Identification of outliers},
	author={Hawkins, Douglas M},
	volume={11},
	year={1980},
	publisher={Springer}
}

@inproceedings{ezeme2017imputation,
	title={An imputation-based augmented anomaly detection from large traces of operating system events},
	author={Ezeme, Mellitus and Azim, Akramul and Mahmoud, Qusay H},
	booktitle={Proceedings of the Fourth IEEE/ACM International Conference on Big Data Computing, Applications and Technologies},
	pages={43--52},
	year={2017},
	organization={ACM}
}

@inproceedings{ezeme2019deepanom,
	title={DeepAnom: An Ensemble Deep Framework for Anomaly Detection in System Processes},
	author={Ezeme, Okwudili M and Lescisin, Michael and Mahmoud, Qusay H and Azim, Akramul},
	booktitle={Canadian Conference on Artificial Intelligence},
	pages={549--555},
	year={2019},
	organization={Springer}
}

@article{ezeme2019dream,
	title={Dream: deep recursive attentive model for anomaly detection in kernel events},
	author={Ezeme, Okwudili M and Mahmoud, Qusay H and Azim, Akramul},
	journal={IEEE Access},
	volume={7},
	pages={18860--18870},
	year={2019},
	publisher={IEEE}
}

@article{wang2019generative,
	title={Generative Adversarial Networks: A Survey and Taxonomy},
	author={Wang, Zhengwei and She, Qi and Ward, Tomas E},
	journal={arXiv preprint arXiv:1906.01529},
	year={2019}
}

@inproceedings{li2019mad,
  title={MAD-GAN: Multivariate anomaly detection for time series data with generative adversarial networks},
  author={Li, Dan and Chen, Dacheng and Jin, Baihong and Shi, Lei and Goh, Jonathan and Ng, See-Kiong},
  booktitle={International Conference on Artificial Neural Networks},
  pages={703--716},
  year={2019},
  organization={Springer}
}

@article{wang2019progress,
	title={Progress in Outlier Detection Techniques: A Survey},
	author={Wang, Hongzhi and Bah, Mohamed Jaward and Hammad, Mohamed},
	journal={IEEE Access},
	volume={7},
	pages={107964--108000},
	year={2019},
	publisher={IEEE}
}

@article{chalapathy2019deep,
	title={Deep learning for anomaly detection: A survey},
	author={Chalapathy, Raghavendra and Chawla, Sanjay},
	journal={arXiv preprint arXiv:1901.03407},
	year={2019}
}